@online{alertmanager,
    author  = {Prometheus},
    title   = {AlertManager Documentation},
    year    = {2022},
    url     = {https://prometheus.io/docs/alerting/latest/alertmanager/},
    urldate = {2022-05-29}
}

@online{ansible,
    author  = {RedHat},
    title   = {Ansible Documentation},
    year    = {2022},
    url     = {https://docs.ansible.com/ansible/latest/},
    urldate = {2022-05-28}
}

@online{ansible_inventory,
    author  = {RedHat},
    title   = {Ansible inventory},
    year    = {2022},
    url     = {https://docs.ansible.com/ansible/latest/user_guide/intro_inventory.html},
    urldate = {2022-05-29}
}

@online{ansible_playbook,
    author  = {RedHat},
    title   = {Ansible playbooks},
    year    = {2022},
    url     = {https://docs.ansible.com/ansible/latest/user_guide/playbooks_intro.html},
    urldate = {2022-05-29}
}

@online{crecimiento_economico,
    author  = {United Nations},
    title   = {Crecimiento económico - Desarrollo Sostenible},
    year    = {2022},
    url     = {https://www.un.org/sustainabledevelopment/es/economic-growth/},
    urldate = {2022-06-01}
}

@online{desarrollo_sostenible,
    author  = {United Nations},
    title   = {Objetivos y metas de desarrollo sostenible},
    year    = {2022},
    url     = {https://www.un.org/sustainabledevelopment/es/objetivos-de-desarrollo-sostenible/},
    urldate = {2022-06-01}
}

@online{docker,
    author  = {Docker},
    title   = {Docker Documentation},
    year    = {2022},
    url     = {https://docs.docker.com/},
    urldate = {2022-05-29}
}

@online{docker_container,
    author  = {Docker},
    title   = {Docker container},
    year    = {2022},
    url     = {https://docs.docker.com/glossary/#container},
    urldate = {2022-05-29}
}

@online{docker_image,
    author  = {Alexander S. Gillis},
    title   = {Docker image},
    year    = {2021},
    url     = {https://www.techtarget.com/searchitoperations/definition/Docker-image},
    urldate = {2022-05-29}
}

@online{electronjs,
    author  = {OpenJS Foundation},
    title   = {ElectronJS Documentation},
    year    = {2022},
    url     = {https://www.electronjs.org/docs/latest},
    urldate = {2022-06-01}
}

@online{exporter_creation,
    author  = {Prometheus},
    title   = {Prometheus Documentation},
    year    = {2022},
    url     = {https://prometheus.io/docs/instrumenting/writing_exporters/},
    urldate = {2022-05-29}
}

@online{grafana,
    author  = {Grafana},
    title   = {Grafana Documentation},
    year    = {2022},
    url     = {https://grafana.com/docs/grafana/latest/introduction/},
    urldate = {2022-05-29}
}

@article{impacto_medioambiental,
    title     = {{Impacto ambiental por consumo de energía eléctrica en los Data Centers}},
    journal   = {{Dilemas contemporáneos: educación, política y valores}},
    author    = {Sampedro Guamán, Carlos Roberto AND Machuca Vivar, Silvio Amable AND Palma Rivera, Diego Paul AND Villalta Jadan, Bolívar Enrique},
    issn      = {2007-7890},
    language  = {es},
    url       = {http://www.scielo.org.mx/scielo.php?script=sci_arttext&pid=S2007-78902021000600034&nrm=iso},
    volume    = {8},
    year      = {2021},
    month     = {00},
    publisher = {scielomx}
}

@online{infraestructura,
    author  = {United Nations},
    title   = {Infraestructura - Desarrollo Sostenible},
    year    = {2022},
    url     = {https://www.un.org/sustainabledevelopment/es/infrastructure/},
    urldate = {2022-06-01}
}

@online{prometheus,
    author  = {Prometheus},
    title   = {Prometheus Documentation},
    year    = {2022},
    url     = {https://prometheus.io/docs/introduction/overview/},
    urldate = {2022-05-28}
}

@inproceedings{pynguin,
    author = {Lukasczyk, Stephan and Fraser, Gordon},
    doi    = {10.1145/3510454.3516829},
    series = {44th International Conference on Software Engineering Companion (ICSE '22 Companion)},
    title  = {Pynguin: Automated Unit Test Generation for Python},
    year   = {2022}
}

@online{recomendaciones,
    author  = {ETSIINF},
    title   = {Recomendaciones sobre el contenido de la Memoria Final},
    year    = {2017},
    url     = {http://www.fi.upm.es/?pagina=1475},
    urldate = {2022-05-20}
}

@online{sqlite,
    author  = {SQLite},
    title   = {SQLite Documentation},
    year    = {2022},
    url     = {https://www.sqlite.org/about.html},
    urldate = {2022-05-29}
}
